Automatically generated by Mendeley Desktop 1.19.8
Any changes to this file will be lost if it is regenerated by Mendeley.

BibTeX export options can be customized via Options -> BibTeX in Mendeley Desktop

@article{ATL-PHYS-PUB-2021-032,
author = {{The ATLAS Collaboration}},
title = {{Standard Model Summary Plots June 2021}},
url = {http://cds.cern.ch/record/2777014},
year = {2021}
}
@article{Hektor2014,
author = {Hektor, Andi and Marzola, Luca},
doi = {10.1103/PhysRevD.90.053007},
issn = {15502368},
journal = {Physical Review D - Particles, Fields, Gravitation and Cosmology},
number = {5},
title = {{Coy dark matter and the anomalous magnetic moment}},
volume = {90},
year = {2014}
}
@article{TheATLASCollaboration2018,
author = {{The ATLAS Collaboration}},
journal = {ATLAS-CONF-2018-023},
title = {{$E_T^\text{miss}$ performance in the ATLAS detector with 2015-2016 LHC p-p colisions}},
year = {2018}
}
@article{Brun1997,
author = {Brun, Rene and Rademakers, Fons},
doi = {10.1016/S0168-9002(97)00048-X},
issn = {01689002},
journal = {Nuclear Instruments and Methods in Physics Research, Section A: Accelerators, Spectrometers, Detectors and Associated Equipment},
number = {1-2},
pages = {81--86},
title = {{ROOT - An object oriented data analysis framework}},
volume = {389},
year = {1997}
}
@article{Abazajian2012,
author = {Abazajian, Kevork N. and Kaplinghat, Manoj},
doi = {10.1103/PhysRevD.86.083511},
issn = {15507998},
journal = {Physical Review D - Particles, Fields, Gravitation and Cosmology},
number = {8},
title = {{Detection of a gamma-ray source in the Galactic Center consistent with extended emission from dark matter annihilation and concentrated astrophysical emission}},
volume = {86},
year = {2012}
}
@article{TheATLASCollaboration2017a,
author = {{The ATLAS Collaboration} and Aaboud, M. and Aad, G. and Abbott, B. and Abdallah, J. and Abdinov, O. and Others},
doi = {10.1140/epjc/s10052-017-5031-2},
issn = {14346052},
journal = {European Physical Journal C},
number = {7},
title = {{Jet reconstruction and performance using particle flow with the ATLAS Detector}},
volume = {77},
year = {2017}
}
@article{ATLAS:2003aa,
author = {{The ATLAS Collaboration}},
number = {July},
title = {{High-Level Trigger , Data Acquisition and Controls Technical Design Report}},
year = {2003}
}
@article{TheATLASCollaboration2020a,
author = {{The ATLAS Collaboration} and Aad, G. and Abbott, B. and Abbott, D. C. and Abud, A. Abed and Abeling, K. and Others},
doi = {10.1140/epjc/s10052-019-7500-2},
issn = {14346052},
journal = {European Physical Journal C},
number = {1},
title = {{Performance of electron and photon triggers in ATLAS during LHC Run 2}},
volume = {80},
year = {2020}
}
@article{Huang2014,
author = {Huang, Jinrui and Liu, Tao and Wang, Lian Tao and Yu, Felix},
doi = {10.1103/PhysRevD.90.115006},
issn = {15502368},
journal = {Physical Review D - Particles, Fields, Gravitation and Cosmology},
number = {11},
title = {{Supersymmetric subelectroweak scale dark matter, the Galactic Center gamma-ray excess, and exotic decays of the 125 GeV Higgs boson supersymmetric subelectroweak scale dark ... Jinrui Huang et al.}},
volume = {90},
year = {2014}
}
@article{Higgs1964,
author = {Higgs, Peter W.},
doi = {10.1103/PhysRevLett.13.508},
issn = {00319007},
journal = {Physical Review Letters},
number = {16},
title = {{Broken symmetries and the masses of gauge bosons}},
volume = {13},
year = {1964}
}
@book{Cowan1998,
address = {Oxford},
author = {Cowan, Glen},
isbn = {0-19-850156-0},
publisher = {Oxford University Press},
title = {{Statistical Data Analysis}},
year = {1998}
}
@inproceedings{Jurciukonis2019,
author = {Jur{\v{c}}iukonis, D. and Lavoura, L.},
booktitle = {Proceedings of Science},
doi = {10.22323/1.340.0334},
issn = {18248039},
title = {{Higgs masses and couplings in the general 2HDM with unitarity bounds}},
volume = {340},
year = {2019}
}
@misc{gallicchio2018quit,
archivePrefix = {arXiv},
arxivId = {1802.05356},
author = {Gallicchio, Jason and Chien, Yang-Ting},
eprint = {1802.05356},
title = {{Quit Using Pseudorapidity, Transverse Energy, and Massless Constituents}},
url = {http://arxiv.org/abs/1802.05356},
year = {2018}
}
@unpublished{Cowan2012,
author = {Cowan, Glen},
institution = {University of London},
title = {{Discovery sensitivity for a counting experiment with background uncertainty}},
url = {https://www.pp.rhul.ac.uk/$\sim$cowan/stat/notes/medsigNote.pdf},
year = {2012}
}
@article{Hanneke2008,
author = {Hanneke, D. and Fogwell, S. and Gabrielse, G.},
doi = {10.1103/PhysRevLett.100.120801},
issn = {00319007},
journal = {Physical Review Letters},
number = {12},
title = {{New measurement of the electron magnetic moment and the fine structure constant}},
volume = {100},
year = {2008}
}
@article{Plucinski2014,
author = {Plucinski, P.},
doi = {10.1088/1748-0221/9/01/C01023},
issn = {17480221},
journal = {Journal of Instrumentation},
keywords = {Trigger algorithms,Trigger concepts and systems (hardware and softwar},
number = {1},
title = {{Upgrades to the ATLAS Level-1 calorimeter trigger}},
volume = {9},
year = {2014}
}
@inproceedings{Meloni2016,
author = {Meloni, F.},
booktitle = {Journal of Instrumentation},
doi = {10.1088/1748-0221/11/12/C12060},
issn = {17480221},
number = {12},
title = {{Primary vertex reconstruction with the ATLAS detector}},
volume = {11},
year = {2016}
}
@article{Feynman1969,
author = {Feynman, Richard P.},
doi = {10.1103/PhysRevLett.23.1415},
issn = {00319007},
journal = {Physical Review Letters},
number = {24},
title = {{Very high-energy collisions of hadrons}},
volume = {23},
year = {1969}
}
@unpublished{Christiane:1260465,
author = {Lef{\`{e}}vre, Christiane and Others},
title = {{The CERN accelerator complex. Complexe des acc{\'{e}}l{\'{e}}rateurs du CERN}},
url = {https://cds.cern.ch/record/1260465},
year = {2008}
}
@phdthesis{Powell2016,
author = {Powell, Andrew J},
school = {Oxford U.},
title = {{The cosmology and astrophysics of axion-like particles}},
year = {2016}
}
@article{Glashow1961,
author = {Glashow, Sheldon L.},
doi = {10.1016/0029-5582(61)90469-2},
issn = {00295582},
journal = {Nuclear Physics},
number = {4},
title = {{Partial-symmetries of weak interactions}},
volume = {22},
year = {1961}
}
@book{Peskin2015,
author = {Peskin, Michael and Schroeder, Dan},
booktitle = {Book},
title = {{An Introduction To Quantum Field Theory (Frontiers in Physics)}},
year = {2015}
}
@article{Wu1957,
author = {Wu, C. S. and Ambler, E. and Hayward, R. W. and Hoppes, D. D. and Hudson, R. P.},
doi = {10.1103/PhysRev.105.1413},
issn = {0031899X},
journal = {Physical Review},
number = {4},
title = {{Experimental test of parity conservation in beta decay}},
volume = {105},
year = {1957}
}
@article{TheATLASCollaboration2016,
author = {{The ATLAS Collaboration} and Aad, G. and Abbott, B. and Abdallah, J. and Abdinov, O. and Abeloos, B. and Others},
doi = {10.1140/epjc/s10052-016-4120-y},
issn = {14346052},
journal = {European Physical Journal C},
number = {5},
title = {{Muon reconstruction performance of the ATLAS detector in proton-proton collision data at $\sqrt{s}=13$TeV}},
volume = {76},
year = {2016}
}
@inproceedings{Haber2018,
author = {Haber, Howard E. and Haskins, Laurel Stephenson},
doi = {10.1142/9789813233348_0006},
title = {{Supersymmetric Theory and Models}},
year = {2018}
}
@article{OHARE2020,
author = {O'HARE, Ciaran},
doi = {10.5281/ZENODO.3932430},
title = {{cajohare/AxionLimits: AxionLimits}},
url = {https://doi.org/10.5281/zenodo.3932430#.YhHugoe9zE0.mendeley},
year = {2020}
}
@book{pml1Book,
author = {Murphy, Kevin P},
publisher = {MIT Press},
title = {{Probabilistic Machine Learning: An introduction}},
url = {probml.ai},
year = {2022}
}
@article{Bhm2014,
author = {B{\oe}hm, C{\'{e}}line and Dolan, Matthew J. and McCabe, Christopher and Spannowsky, Michael and Wallace, Chris J.},
doi = {10.1088/1475-7516/2014/05/009},
issn = {14757516},
journal = {Journal of Cosmology and Astroparticle Physics},
number = {5},
title = {{Extended gamma-ray emission from Coy Dark Matter}},
volume = {2014},
year = {2014}
}
@thesis{Kirchmeier2015,
annote = {Presented 2015},
author = {Kirchmeier, David},
title = {{Reconstruction and Identification of Boosted Tau Pair Topologies at ATLAS}},
url = {https://cds.cern.ch/record/2105592},
year = {2015}
}
@article{Guralnik1964,
author = {Guralnik, G. S. and Hagen, C. R. and Kibble, T. W.B.},
doi = {10.1103/PhysRevLett.13.585},
issn = {00319007},
journal = {Physical Review Letters},
number = {20},
title = {{Global conservation laws and massless particles}},
volume = {13},
year = {1964}
}
@inproceedings{Rettie2018,
author = {Rettie, S{\'{e}}bastien},
booktitle = {Proceedings of Science},
doi = {10.22323/1.316.0097},
issn = {18248039},
title = {{Muon identification and performance in the ATLAS experiment}},
volume = {316},
year = {2018}
}
@misc{shomer2007,
archivePrefix = {arXiv},
arxivId = {hep-th/0709.3555},
author = {Shomer, Assaf},
eprint = {0709.3555},
primaryClass = {hep-th},
title = {{A pedagogical explanation for the non-renormalizability of gravity}},
year = {2007}
}
@article{Carmona2021,
archivePrefix = {arXiv},
arxivId = {2101.07803},
author = {Carmona, Adrian and Scherb, Christiane and Schwaller, Pedro},
doi = {10.1007/JHEP08(2021)121},
eprint = {2101.07803},
issn = {10298479},
journal = {Journal of High Energy Physics},
keywords = {Phenomenological Models},
number = {8},
title = {{Charming ALPs}},
volume = {2021},
year = {2021}
}
@article{Jaeckel2013,
archivePrefix = {arXiv},
arxivId = {1212.3620},
author = {Jaeckel, Joerg and Jankowiak, Martin and Spannowsky, Michael},
doi = {10.1016/j.dark.2013.06.001},
eprint = {1212.3620},
issn = {22126864},
journal = {Physics of the Dark Universe},
keywords = {Axion-like particles,Hidden sectors,Kinetic mixing,LHC},
number = {3},
pages = {111--117},
title = {{LHC probes the hidden sector}},
volume = {2},
year = {2013}
}
@inproceedings{Boutle2017,
author = {Boutle, S. and Casper, D. and Hooberman, B. and Grimm, K. and Gui, B. and Lee, G. and Maurer, J. and Morley, A. and Griso, S. Pagan and Petersen, B. and Prokofiev, K. and Shan, L. and Shope, D. and Wharton, A. and Whitmore, B. and Zhang, M.},
booktitle = {Journal of Physics: Conference Series},
doi = {10.1088/1742-6596/898/4/042056},
issn = {17426596},
number = {4},
title = {{Primary vertex reconstruction at the ATLAS experiment}},
volume = {898},
year = {2017}
}
@article{TheATLASCollaboration2012,
author = {{The ATLAS Collaboration} and Aad, G. and Abajyan, T. and Abbott, B. and Abdallah, J. and {Abdel Khalek}, S. and Others},
doi = {10.1016/j.physletb.2012.08.020},
issn = {03702693},
journal = {Physics Letters, Section B: Nuclear, Elementary Particle and High-Energy Physics},
number = {1},
title = {{Observation of a new particle in the search for the Standard Model Higgs boson with the ATLAS detector at the LHC}},
volume = {716},
year = {2012}
}
@article{TheATLASCollaboration2010,
author = {{The ATLAS Collaboration} and Aad, G. and Abbott, B. and Abdallah, J. and Abdelalim, A. A. and Others},
doi = {10.1140/epjc/s10052-010-1429-9},
issn = {14346052},
journal = {European Physical Journal C},
number = {3},
title = {{The ATLAS Simulation Infrastructure}},
volume = {70},
year = {2010}
}
@article{Achenbach2008,
author = {Achenbach, R. and Adragna, P. and Andrei, V. and Apostologlou, P. and {\AA}sman, B. and Ay, C. and Barnett, B. M. and Bauss, B. and Bendel, M. and Bohm, C. and Booth, J. R.A. and Brawn, I. P. and Bright-Thomas, P. and Charlton, D. G. and Collins, N. J. and Curtis, C. J. and Dahlhoff, A. and Davis, A. O. and Eckweiler, S. and Edwards, J. P. and Eisenhandler, E. and Faulkner, P. J.W. and Fleckner, J. and F{\"{o}}hlisch, F. and Garvey, J. and Gee, C. N.P. and Gillman, A. R. and Hanke, P. and Hatley, R. P. and Hellman, S. and Hidv{\'{e}}gi, A. and Hillier, S. J. and Jakobs, K. and Johansen, M. and Kluge, E. E. and Landon, M. and Lendermann, V. and Lilley, J. N. and Mahboubi, K. and Mahout, G. and Mass, A. and Meier, K. and Moa, T. and Moyse, E. and M{\"{u}}ller, F. and Neusiedl, A. and N{\"{o}}ding, C. and Oltmann, B. and Pentney, J. M. and Perera, V. J.O. and Pfeiffer, U. and Prieur, D. P.F. and Qian, W. and Rees, D. L. and Rieke, S. and R{\"{u}}hr, F. and Sankey, D. P.C. and Sch{\"{a}}fer, U. and Schmitt, K. and Schultz-Coulon, H. C. and Schumacher, C. and Silverstein, S. and Staley, R. J. and Stamen, R. and Stockton, M. C. and Tapprogge, S. and Thomas, J. P. and Trefzger, T. and Watkins, P. M. and Watson, A. and Weber, P. and Woehrling, E. E.},
doi = {10.1088/1748-0221/3/03/P03001},
issn = {17480221},
journal = {Journal of Instrumentation},
keywords = {Digital electronic circuits,Trigger concepts and systems (hardware and softwar},
number = {3},
title = {{The ATLAS level-1 calorimeter trigger}},
volume = {3},
year = {2008}
}
@article{Mangano:454171,
author = {Mangano, Michelangelo L},
doi = {10.5170/CERN-1999-004.53},
title = {{Introduction to QCD}},
url = {https://cds.cern.ch/record/454171},
year = {1999}
}
@article{Baluni1979,
author = {Baluni, Varouzhan},
doi = {10.1103/PhysRevD.19.2227},
issn = {05562821},
journal = {Physical Review D},
number = {7},
title = {{CP-nonconserving effects in quantum chromodynamics}},
volume = {19},
year = {1979}
}
@inproceedings{Krasznahorkay2018,
author = {Krasznahorkay, A. J. and Csatl{\'{o}}s, M. and Csige, L. and G{\'{a}}csi, Z. and Guly{\'{a}}s, J. and Nagy and Sas, N. and Tim{\'{a}}r, J. and Tornyi, T. G. and Vajda, I.},
booktitle = {Journal of Physics: Conference Series},
doi = {10.1088/1742-6596/1056/1/012028},
issn = {17426596},
number = {1},
title = {{New results on the 8Be anomaly}},
volume = {1056},
year = {2018}
}
@article{Bauer:2021mvw,
archivePrefix = {arXiv},
arxivId = {hep-ph/2110.10698},
author = {Bauer, Martin and Neubert, Matthias and Renner, Sophie and Schnubel, Marvin and Thamm, Andrea},
eprint = {2110.10698},
primaryClass = {hep-ph},
title = {{Flavor probes of axion-like particles}},
year = {2021}
}
@article{Bauer2019,
archivePrefix = {arXiv},
arxivId = {1808.10323},
author = {Bauer, Martin and Heiles, Mathias and Neubert, Matthias and Thamm, Andrea},
doi = {10.1140/epjc/s10052-019-6587-9},
eprint = {1808.10323},
issn = {14346052},
journal = {European Physical Journal C},
number = {1},
title = {{Axion-like particles at future colliders}},
volume = {79},
year = {2019}
}
@article{Cacciari2008,
author = {Cacciari, Matteo and Salam, Gavin P. and Soyez, Gregory},
doi = {10.1088/1126-6708/2008/04/063},
issn = {11266708},
journal = {Journal of High Energy Physics},
number = {4},
title = {{The anti-$k_t$ jet clustering algorithm}},
volume = {2008},
year = {2008}
}
@article{TheATLASCollaboration2017,
author = {{The ATLAS Collaboration} and Aaboud, M. and Aad, G. and Abbott, B. and Abdallah, J. and Abdinov, O. and Others},
doi = {10.1140/epjc/s10052-017-5225-7},
issn = {14346052},
journal = {European Physical Journal C},
number = {10},
title = {{Performance of the ATLAS track reconstruction algorithms in dense environments in LHC Run 2}},
volume = {77},
year = {2017}
}
@article{Coadou2013,
author = {Coadou, Yann},
doi = {10.1051/epjconf/20135502004},
journal = {EPJ Web of Conferences},
pages = {02004--},
title = {{Boosted Decision Trees and Applications}},
volume = {55},
year = {2013}
}
@article{TheATLASCollaboration2020,
author = {{The ATLAS Collaboration}},
doi = {10.1088/1748-0221/15/10/P10004},
issn = {17480221},
journal = {Journal of Instrumentation},
keywords = {Data acquisition concepts,Data reduction methods,Online farms and online filtering,Trigger concepts and systems (hardware and softwar},
number = {10},
title = {{Operation of the ATLAS trigger system in Run 2}},
volume = {15},
year = {2020}
}
@article{Aamodt2008,
author = {{The ALICE Collaboration} and Aamodt, K. and Quintana, A. Abrahantes and Achenbach, R. and Others},
doi = {10.1088/1748-0221/3/08/S08002},
issn = {17480221},
journal = {Journal of Instrumentation},
number = {8},
title = {{The alice experiment at the CERN LHC}},
volume = {3},
year = {2008}
}
@inproceedings{Schmieden2021,
author = {Schmieden, Kristof and {CMS and TOTEM Collaborations}, on behalf of the ATLAS},
doi = {10.22323/1.397.0005},
pages = {005},
title = {{Searches for Axion Like Particles at the LHC}},
year = {2021}
}
@book{Wyss1996,
address = {Geneva},
annote = {Copies shelved as reports in LEP, PS and SPS libraries},
author = {Wyss, C. (ed)},
publisher = {CERN},
title = {{LEP design report, Vol. 3 : LEP2}},
url = {http://cds.cern.ch/record/314187?ln=en},
year = {1996}
}
@article{Mariotti2018,
archivePrefix = {arXiv},
arxivId = {1710.01743},
author = {Mariotti, Alberto and Redigolo, Diego and Sala, Filippo and Tobioka, Kohsaku},
doi = {10.1016/j.physletb.2018.06.039},
eprint = {1710.01743},
issn = {03702693},
journal = {Physics Letters, Section B: Nuclear, Elementary Particle and High-Energy Physics},
pages = {13--18},
title = {{New LHC bound on low-mass diphoton resonances}},
volume = {783},
year = {2018}
}
@article{Spettel2016,
author = {Spettel, Fabian},
doi = {10.1016/j.nima.2015.10.101},
issn = {01689002},
journal = {Nuclear Instruments and Methods in Physics Research, Section A: Accelerators, Spectrometers, Detectors and Associated Equipment},
keywords = {ATLAS,Calorimetry,Liquid Argon},
pages = {47--49},
title = {{ATLAS LAr calorimeter performance and LHC Run-2 commissioning}},
volume = {824},
year = {2016}
}
@article{Fruhwirth1987,
author = {Fr{\"{u}}hwirth, R.},
doi = {10.1016/0168-9002(87)90887-4},
issn = {01689002},
journal = {Nuclear Inst. and Methods in Physics Research, A},
number = {2-3},
title = {{Application of Kalman filtering to track and vertex fitting}},
volume = {262},
year = {1987}
}
@article{TenKate1999,
author = {{Ten Kate}, Herman H.J.},
doi = {10.1109/77.783428},
issn = {10518223},
journal = {IEEE Transactions on Applied Superconductivity},
number = {2 PART 1},
pages = {841--846},
title = {{Superconducting magnet system for the ATLAS detector at CERN}},
volume = {9},
year = {1999}
}
@inproceedings{Cornelissen2008,
author = {Cornelissen, T. G. and Elsing, M. and Gavrilenko, I. and Laporte, J. F. and Liebig, W. and Limper, M. and Nikolopoulos, K. and Poppleton, A. and Salzburger, A. and Others},
booktitle = {Journal of Physics: Conference Series},
doi = {10.1088/1742-6596/119/3/032013},
issn = {17426596},
number = {3},
title = {{The global $\chi^2$ track fitter in ATLAS}},
volume = {119},
year = {2008}
}
@article{Benslama2008,
author = {Benslama, K and Felzmann, U and Godfrey, J L and Janyst, L and Kaczmarska, A and Kalinowski, A and Lai, S and Ortega, E and Ruwiedel, C and Wolter, M and Zemla, A and Bonn, Universitat},
journal = {Nuclear Physics},
title = {{Calorimeter Clustering Algorithms: Description and Performance}},
volume = {006434},
year = {2008}
}
@article{Englert1964,
author = {Englert, F. and Brout, R.},
doi = {10.1103/PhysRevLett.13.321},
issn = {00319007},
journal = {Physical Review Letters},
number = {9},
title = {{Broken symmetry and the mass of gauge vector mesons}},
volume = {13},
year = {1964}
}
@book{Schwartz2014,
author = {Schwartz, Matthew D},
isbn = {978-1-107-03473-0},
publisher = {Cambridge University Press},
title = {{Quantum Field Theory and the Standard Model}},
year = {2014}
}
@article{TheSuper-KamiokandeCollaboration1998,
author = {{The Super-Kamiokande Collaboration} and Fukuda, Y. and Hayakawa, T. and Ichihara, E. and Inoue, K. and Ishihara, K. and Others},
doi = {10.1103/PhysRevLett.81.1562},
issn = {10797114},
journal = {Physical Review Letters},
number = {8},
title = {{Evidence for oscillation of atmospheric neutrinos}},
volume = {81},
year = {1998}
}
@article{Baldenegro2019,
author = {Baldenegro, C. and Hassani, S. and Royon, C. and Schoeffel, L.},
doi = {10.1016/j.physletb.2019.06.029},
issn = {03702693},
journal = {Physics Letters, Section B: Nuclear, Elementary Particle and High-Energy Physics},
pages = {339--345},
title = {{Extending the constraint for axion-like particles as resonances at the LHC and laser beam experiments}},
volume = {795},
year = {2019}
}
@article{TheLHCbCollaboration2021,
archivePrefix = {arXiv},
arxivId = {hep-ex/2103.11769},
author = {{The LHCb Collaboration} and Aaij, Roel and Others},
eprint = {2103.11769},
primaryClass = {hep-ex},
title = {{Test of lepton universality in beauty-quark decays}},
year = {2021}
}
@misc{Duda2011,
author = {Duda, Gintaras and Garrett, Katherine},
booktitle = {Advances in Astronomy},
doi = {10.1155/2011/968283},
issn = {16877969},
title = {{Dark matter: A primer}},
volume = {2011},
year = {2011}
}
@article{Chatrchyan2008,
author = {{The CMS Collaboration} and Chatrchyan, S. and Hmayakyan, G. and Khachatryan, V. and Sirunyan, A. M.},
doi = {10.1088/1748-0221/3/08/S08004},
issn = {17480221},
journal = {Journal of Instrumentation},
keywords = {Analogue electronic circuits,Analysis and statistical methods,Calibration and fitting methods,Calorimeters,Cluster finding,Computing,Control and monitor systems online,Data acquisition circuits,Data acquisition concepts,Data processing methods,Data reduction methods,Detector alignment and calibration methods,Detector control systems,Detector cooling and thermo-stabilization,Detector design and construction technologies and,Detector grounding,Digital electronic circuits,Digital signal processing,Electronic detector readout concepts,Front-end electronics for detector readout,Gamma detectors,Gaseous detectors,Instrumentation for particle accelerators and stor,Large detector systems for particle and astroparti,Manufacturing,Modular electronics,Online farms and online filtering,Optical detector readout concepts,Overall mechanics design,Particle identification methods,Particle tracking detectors,Pattern recognition,Scintillation and light emission processes,Scintillators,Software architectures,Solid state detectors,Special cables,Spectrometers,Trigger concepts and systems,VLSI circuits,Voltage distributions},
number = {8},
title = {{The CMS experiment at the CERN LHC}},
volume = {3},
year = {2008}
}
@inproceedings{Jones2019,
author = {Jones, Samuel David},
booktitle = {Journal of Physics: Conference Series},
doi = {10.1088/1742-6596/1162/1/012037},
issn = {17426596},
number = {1},
title = {{The ATLAS Electron and Photon Trigger}},
volume = {1162},
year = {2019}
}
@inproceedings{Cornelissen2008a,
author = {Cornelissen, T. and Elsing, M. and Gavrilenko, I. and Liebig, W. and Moyse, E. and Salzburger, A. and Others},
booktitle = {Journal of Physics: Conference Series},
doi = {10.1088/1742-6596/119/3/032014},
issn = {17426596},
number = {3},
title = {{The new ATLAS track reconstruction (NEWT)}},
volume = {119},
year = {2008}
}
@article{Hooper2011,
author = {Hooper, Dan and Goodenough, Lisa},
doi = {10.1016/j.physletb.2011.02.029},
issn = {03702693},
journal = {Physics Letters, Section B: Nuclear, Elementary Particle and High-Energy Physics},
number = {5},
title = {{Dark matter annihilation in the Galactic Center as seen by the Fermi Gamma Ray Space Telescope}},
volume = {697},
year = {2011}
}
@book{Brüning:782076,
address = {Geneva},
author = {Br{\"{u}}ning, Oliver S and Collier, P and Lebrun, P and Myers, Steve and Ostojic, R and Poole, J and Proudlock, P and Others},
doi = {10.5170/CERN-2004-003-V-1},
keywords = {Accelerator Physics,LHC},
publisher = {CERN},
series = {CERN Yellow Reports: Monographs},
title = {{LHC Design Report Volume II}},
url = {https://cds.cern.ch/record/782076},
volume = {2},
year = {2004}
}
@article{Abouzaid2007,
author = {Abouzaid, E. and Arenton, M. and Barker, A. R. and Bellantoni, L. and Bellavance, A. and Blucher, E. and Bock, G. J. and Cheu, E. and Coleman, R. and Corcoran, M. D. and Others},
doi = {10.1103/PhysRevD.75.012004},
issn = {15507998},
journal = {Physical Review D - Particles, Fields, Gravitation and Cosmology},
number = {1},
title = {{Measurement of the rare decay $\pi^0 \to e^+ e^-$}},
volume = {75},
year = {2007}
}
@article{Degrande2015a,
author = {Degrande, Celine},
doi = {10.1016/j.cpc.2015.08.015},
issn = {00104655},
journal = {Computer Physics Communications},
title = {{Automatic evaluation of UV and R 2 terms for beyond the Standard Model Lagrangians: A proof-of-principle}},
volume = {197},
year = {2015}
}
@inproceedings{Hubner2018,
author = {H{\"{u}}bner, Michael},
booktitle = {Proceedings of Science},
doi = {10.22323/1.321.0024},
issn = {18248039},
title = {{Measurement of the tau lepton reconstruction and identification performance in the ATLAS experiment using pp collisions at $\sqrt{s}=13$TeV}},
volume = {321},
year = {2018}
}
@inproceedings{DelDebbio2018,
author = {{Del Debbio}, Luigi},
booktitle = {EPJ Web of Conferences},
doi = {10.1051/epjconf/201817501006},
issn = {2100014X},
title = {{Parton distributions in the LHC era}},
volume = {175},
year = {2018}
}
@article{Gribov1971,
author = {Gribov, V. N. and Lipatov, L. N.},
doi = {10.1016/0370-2693(71)90576-4},
issn = {03702693},
journal = {Physics Letters B},
number = {1},
title = {{Deep inelastic electron scattering in perturbation theory}},
volume = {37},
year = {1971}
}
@book{Lee2019,
author = {Lee, S Y},
booktitle = {Accelerator Physics},
doi = {10.1142/11111},
title = {{Accelerator Physics}},
year = {2019}
}
@article{TheATLASCollaboration2021,
author = {{The ATLAS Collaboration} and Aad, G. and Abbott, B. and Abbott, D. C. and Abud, A. Abed and Abeling, K.},
doi = {10.1007/jhep02(2021)226},
journal = {Journal of High Energy Physics},
title = {{Search for dark matter in association with an energetic photon in pp collisions at $\sqrt{s} = 13$ TeV with the ATLAS detector}},
year = {2021}
}
@article{Aaboud2017,
archivePrefix = {arXiv},
arxivId = {1611.09661},
author = {{The ATLAS Collaboration} and Aaboud, M. and Aad, G. and Abbott, B. and Others},
doi = {10.1140/epjc/s10052-017-4852-3},
eprint = {1611.09661},
issn = {14346052},
journal = {European Physical Journal C},
number = {5},
title = {{Performance of the ATLAS trigger system in 2015}},
volume = {77},
year = {2017}
}
@article{Han2017,
author = {Han, Chengcheng and Kim, Doojin and Kim, Minho and Kong, Kyoungchul and Lim, Sung Hak and Park, Myeonghun},
doi = {10.1007/JHEP01(2017)027},
issn = {10298479},
journal = {Journal of High Energy Physics},
number = {1},
title = {{Identifying a new particle with jet substructures}},
volume = {2017},
year = {2017}
}
@article{Altarelli1977,
author = {Altarelli, G. and Parisi, G.},
doi = {10.1016/0550-3213(77)90384-4},
issn = {05503213},
journal = {Nuclear Physics, Section B},
number = {2},
title = {{Asymptotic freedom in parton language}},
volume = {126},
year = {1977}
}
@misc{hoecker2009tmva,
archivePrefix = {arXiv},
arxivId = {physics.data-an/physics/0703039},
author = {Hoecker, A and Speckmayer, P and Stelzer, J and Therhaag, J and von Toerne, E and Voss, H and Backes, M and Carli, T and Cohen, O and Christov, A and Dannheim, D and Danielowski, K and Henrot-Versille, S and Jachowski, M and Kraszewski, K and Au2, A Krasznahorkay Jr. and Kruk, M and Mahalalel, Y and Ospanov, R and Prudent, X and Robert, A and Schouten, D and Tegenfeldt, F and Voigt, A and Voss, K and Wolter, M and Zemla, A},
eprint = {physics/0703039},
primaryClass = {physics.data-an},
title = {{TMVA - Toolkit for Multivariate Data Analysis}},
year = {2009}
}
@article{Duckeck:2005rb,
author = {{The ATLAS Collaboration}},
editor = {Duckeck, G and Barberis, D and Hawkings, R and Jones, R and McCubbin, N and Poulard, G and Quarrie, D and Wenaus, T and Obreshkov, E},
title = {{ATLAS computing: Technical design report}},
year = {2005}
}
@article{TheLHCbcollaboration2017,
author = {{The LHCb Collaboration} and Aaij, R. and Adeva, B. and Adinolfi, M. and Ajaltouni, Z. and Akar, S. and Albrecht, J. and Alessio, F. and Alexander, M. and Ali, S. and Alkhazov, G. and {Alvarez Cartelle}, P. and Alves, A. A. and Amato, S. and Amerio, S. and Amhis, Y. and An, L. and Anderlini, L. and Andreassi, G. and Andreotti, M. and Andrews, J. E. and Appleby, R. B. and Others},
doi = {10.1007/JHEP08(2017)055},
issn = {1029-8479},
journal = {Journal of High Energy Physics},
number = {8},
pages = {55},
title = {{Test of lepton universality with $B^0 \to K^{*0} \ell^+ \ell^-$ decays}},
url = {http://link.springer.com/10.1007/JHEP08(2017)055},
volume = {2017},
year = {2017}
}
@article{Daylan2016,
author = {Daylan, Tansu and Finkbeiner, Douglas P. and Hooper, Dan and Linden, Tim and Portillo, Stephen K.N. and Rodd, Nicholas L. and Slatyer, Tracy R.},
doi = {10.1016/j.dark.2015.12.005},
issn = {22126864},
journal = {Physics of the Dark Universe},
title = {{The characterization of the gamma-ray signal from the central Milky Way: A case for annihilating dark matter}},
volume = {12},
year = {2016}
}
@article{Crewther1979,
author = {Crewther, R. J. and {Di Vecchia}, P. and Veneziano, G. and Witten, E.},
doi = {10.1016/0370-2693(79)90128-X},
issn = {03702693},
journal = {Physics Letters B},
number = {1-2},
title = {{Chiral estimate of the electric dipole moment of the neutron in quantum chromodynamics}},
volume = {88},
year = {1979}
}
@article{Dolan2015,
author = {Dolan, Matthew J. and Kahlhoefer, Felix and McCabe, Christopher and Schmidt-Hoberg, Kai},
doi = {10.1007/JHEP03(2015)171},
issn = {10298479},
journal = {Journal of High Energy Physics},
number = {3},
title = {{A taste of dark matter: flavour constraints on pseudoscalar mediators}},
volume = {2015},
year = {2015}
}
@article{Krasny2015,
author = {Krasny, Mieczyslaw Witold and P{\l}aczek, Wies{\l}aw},
doi = {10.1016/j.aop.2014.07.035},
issn = {1096035X},
journal = {Annals of Physics},
keywords = {Axion,Double Drell-Yan Process,Drell-Yan Process,Higgs boson,Leptoquark,Spin 0 particle},
number = {1},
pages = {11--26},
title = {{In search of elementary spin 0 particles}},
volume = {352},
year = {2015}
}
@article{Casolino2015,
author = {Casolino, Mirkoantonio and Farooque, Trisha and Juste, Aurelio and Liu, Tao and Spannowsky, Michael},
doi = {10.1140/epjc/s10052-015-3708-y},
issn = {14346052},
journal = {European Physical Journal C},
number = {10},
title = {{Probing a light CP-odd scalar in di-top-associated production at the LHC}},
volume = {75},
year = {2015}
}
@report{Beaucamp:2790493,
address = {Geneva},
author = {Beaucamp, Jean Yves},
institution = {CERN},
title = {{Background studies in the $t\bar{t}X$, $X \to \tau\tau$ boosted analysis at the ATLAS experiment}},
url = {https://cds.cern.ch/record/2790493},
year = {2021}
}
@article{TheLHCbCollaboration2019,
author = {{The LHCb Collaboration} and Aaij, R. and {Abell{\'{a}}n Beteta}, C. and Adeva, B. and Adinolfi, M. and Aidala, C. A. and Ajaltouni, Z. and Akar, S. and Others},
doi = {10.1103/PhysRevLett.122.191801},
issn = {10797114},
journal = {Physical Review Letters},
number = {19},
title = {{Search for Lepton-Universality Violation in $B^+ \to K^+ \ell^+ \ell^-$ Decays}},
volume = {122},
year = {2019}
}
@article{Peccei1977,
author = {Peccei, R. D. and Quinn, Helen R.},
doi = {10.1103/PhysRevLett.38.1440},
issn = {00319007},
journal = {Physical Review Letters},
number = {25},
title = {{CP conservation in the presence of pseudoparticles}},
volume = {38},
year = {1977}
}
@article{Bauer2017a,
author = {Bauer, Martin and Neubert, Matthias and Thamm, Andrea},
doi = {10.1103/PhysRevLett.119.031802},
issn = {10797114},
journal = {Physical Review Letters},
number = {3},
title = {{LHC as an Axion Factory: Probing an Axion Explanation for $(g-2)_\mu$ with Exotic Higgs Decays}},
volume = {119},
year = {2017}
}
@techreport{ATLAS-CONF-2012-054,
address = {Geneva},
annote = {All figures including auxiliary figures are available at
https://atlas.web.cern.ch/Atlas/GROUPS/PHYSICS/CONFNOTES/ATLAS-CONF-2012-054},
author = {{The ATLAS Collaboration}},
institution = {CERN},
title = {{Determination of the tau energy scale and the associated systematic uncertainty in proton-proton collisions at $\sqrt{s} = 7$TeV with the ATLAS detector at the LHC in 2011}},
url = {https://cds.cern.ch/record/1453781},
year = {2012}
}
@article{Weinberg1967,
author = {Weinberg, Steven},
doi = {10.1103/PhysRevLett.19.1264},
issn = {00319007},
journal = {Physical Review Letters},
number = {21},
title = {{A model of leptons}},
volume = {19},
year = {1967}
}
@article{Aad2019,
author = {{The ATLAS Collaboration} and Aad, G. and Abbott, B. and Abbott, D. C. and Abud, A. Abed and Others},
doi = {10.1140/epjc/s10052-019-7450-8},
issn = {14346052},
journal = {European Physical Journal C},
number = {11},
title = {{ATLAS b-jet identification performance and efficiency measurement with $t\bar{t}$ events in pp collisions at $\sqrt{s}=13$TeV}},
volume = {79},
year = {2019}
}
@article{Aad2008,
author = {{The ATLAS Collaboration} and Aad, G. and Abat, E. and Abdallah, J. and Others},
doi = {10.1088/1748-0221/3/08/S08003},
issn = {17480221},
journal = {Journal of Instrumentation},
keywords = {ATLAS,Accelerator,Accordion geometry,B-tagging,Bandwidth,Bunch-crossings,CERN,Calorimetry,Carbon-fibre reinforced plastics,Cerenkov light,Charged-particle tracking,Detector control system,Drift tubes,Electromagnetic and hadronic interactions,Electrons,Event filter,Fluorinert cooling,Forward calorimetry,Forward detectors,Hall probes,Heavy-ion collisions,High-level trigger,Impact parameter measurements,Inner detector,Jets,LHC,Lateral segmentation,Leptons,Liquid argon,Longitudinal segmentation,Magnetic field measurements,Minimum-bias events,Missing transverse energy,Muon spectrometer,Muons,Optical alignment systems,Optical fibres,Particle identification,Photons,Pile-up,Pixel detectors,Precision-tracking chambers,Processor farm,Proton-proton collisions,Radiation-hard electronics,Resistive-plate chambers,Roman Pots,Sampling calorimeters,Scintillator tiles,Silicon micro-strip detectors,Solenoidal field,Superconducting magnets,Taus,Thin-gap chambers,Time-over-threshold,Toroidal field,Tracking algorithms,Transition radiation,Trigger and data acquisition,Trigger chambers,Vertex measurement,Vertexing algorithms,Zero-degree calorimetry},
number = {8},
title = {{The ATLAS experiment at the CERN large hadron collider}},
volume = {3},
year = {2008}
}
@article{TheATLASCollaboration2019,
author = {{The ATLAS Collaboration} and Aaboud, M. and Aad, G. and Abbott, B. and Abbott, D. C. and Abdinov, O. and Others},
doi = {10.1140/epjc/s10052-019-7140-6},
issn = {14346052},
journal = {European Physical Journal C},
number = {8},
title = {{Electron reconstruction and identification in the ATLAS experiment using the 2015 and 2016 LHC proton-proton collision data at $\sqrt{s}=13$TeV}},
volume = {79},
year = {2019}
}
@article{TheMuong-2Collaboration2021,
author = {{The Muon g-2 Collaboration} and Abi, B. and Albahri, T. and Al-Kilani, S. and Allspach, D. and Alonzi, L. P. and Others},
doi = {10.1103/PhysRevLett.126.141801},
issn = {10797114},
journal = {Physical Review Letters},
number = {14},
title = {{Measurement of the Positive Muon Anomalous Magnetic Moment to 0.46 ppm}},
volume = {126},
year = {2021}
}
@article{Georgi1972,
author = {Georgi, Howard and Glashow, Sheldon L.},
doi = {10.1103/PhysRevLett.28.1494},
issn = {00319007},
journal = {Physical Review Letters},
number = {22},
title = {{Unified weak and electromagnetic interactions without neutral currents}},
volume = {28},
year = {1972}
}
@techreport{ATL-PHYS-PUB-2015-026,
author = {{The ATLAS Collaboration}},
title = {{Vertex Reconstruction Performance of the ATLAS Detector at $\sqrt{s} = 13$TeV}},
url = {https://cds.cern.ch/record/2037717/files/ATL-PHYS-PUB-2015-026.pdf},
year = {2015}
}
@article{DAmbrosio2002,
author = {D'Ambrosio, G. and Giudice, G. F. and Isidori, G. and Strumia, A.},
doi = {10.1016/S0550-3213(02)00836-2},
issn = {05503213},
journal = {Nuclear Physics B},
number = {1-2},
title = {{Minimal flavour violation: an effective field theory approach}},
volume = {645},
year = {2002}
}
@article{Jaeckel2016,
archivePrefix = {arXiv},
arxivId = {1509.00476},
author = {Jaeckel, Joerg and Spannowsky, Michael},
doi = {10.1016/j.physletb.2015.12.037},
eprint = {1509.00476},
issn = {03702693},
journal = {Physics Letters, Section B: Nuclear, Elementary Particle and High-Energy Physics},
pages = {482--487},
title = {{Probing MeV to 90 GeV axion-like particles with LEP and LHC}},
volume = {753},
year = {2016}
}
@article{AugustoAlves2008,
author = {{The LHCb Collaboration} and {Augusto Alves}, A. and {Andrade Filho}, L. M. and Barbosa, A. F. and Bediaga, I. and Others},
doi = {10.1088/1748-0221/3/08/S08005},
issn = {17480221},
journal = {Journal of Instrumentation},
number = {8},
title = {{The LHCb detector at the LHC}},
volume = {3},
year = {2008}
}
@incollection{Collins1989,
abstract = {We summarize the standard factorization theorems for hard processes in QCD, and describe their proofs.},
archivePrefix = {arXiv},
arxivId = {hep-ph/0409313},
author = {Collins, John C. and Soper, Davison E. and Sterman, George},
doi = {10.1142/9789814503266_0001},
eprint = {0409313},
pages = {1--91},
primaryClass = {hep-ph},
title = {{Factorization of Hard Processes in Qcd}},
year = {1989}
}
@article{Calafiura:865624,
author = {Calafiura, P and Lavrijsen, W and Leggett, C and Marino, M and Quarrie, D},
doi = {10.5170/CERN-2005-002.456},
pages = {456--458},
title = {{The {Athena} control framework in production, new developments and lessons learned}},
url = {https://cds.cern.ch/record/865624},
year = {2005}
}
@book{Zyla2020,
author = {Zyla, P. A. and Barnett, R. M. and Beringer, J. and Dahl, O. and Dwyer, D. A. and Groom, D. E. and Others},
booktitle = {Progress of Theoretical and Experimental Physics},
doi = {10.1093/ptep/ptaa104},
issn = {20503911},
number = {8},
title = {{Review of particle physics (2021 update)}},
volume = {2020},
year = {2020}
}
@article{TheCMSCollaboration2012,
author = {{The CMS Collaboration} and Chatrchyan, S. and Khachatryan, V. and Sirunyan, A. M. and Tumasyan, A. and Adam, W. and Others},
doi = {10.1016/j.physletb.2012.08.021},
issn = {03702693},
journal = {Physics Letters, Section B: Nuclear, Elementary Particle and High-Energy Physics},
number = {1},
title = {{Observation of a new boson at a mass of 125 GeV with the CMS experiment at the LHC}},
volume = {716},
year = {2012}
}
@techreport{ATL-PHYS-PUB-2017-013,
address = {Geneva},
annote = {All figures including auxiliary figures are available at
https://atlas.web.cern.ch/Atlas/GROUPS/PHYSICS/PUBNOTES/ATL-PHYS-PUB-2017-013},
author = {{The ATLAS Collaboration}},
institution = {CERN},
title = {{Optimisation and performance studies of the ATLAS $b$-tagging algorithms for the 2017-18 LHC run}},
url = {https://cds.cern.ch/record/2273281},
year = {2017}
}
@article{Harris1999,
author = {Harris, P. G. and Baker, C. A. and Green, K. and Iaydjiev, P. and Ivanov, S. and May, D. J.R. and Pendlebury, J. M. and Shiers, D. and Smith, K. F. and van der Grinten, M. and Geltenbort, P.},
doi = {10.1103/PhysRevLett.82.904},
issn = {10797114},
journal = {Physical Review Letters},
number = {5},
title = {{New experimental limit on the electric dipole moment of the neutron}},
volume = {82},
year = {1999}
}
@article{Cheung2014,
author = {Cheung, Clifford and Papucci, Michele and Sanford, David and Shah, Nausheen R. and Zurek, Kathryn M.},
doi = {10.1103/PhysRevD.90.075011},
issn = {15502368},
journal = {Physical Review D - Particles, Fields, Gravitation and Cosmology},
number = {7},
title = {{NMSSM interpretation of the Galactic Center excess}},
volume = {90},
year = {2014}
}
@article{Salam1959,
author = {Salam, Abdus and Ward, J. C.},
doi = {10.1007/BF02726525},
issn = {00296341},
journal = {Il Nuovo Cimento Series 10},
number = {4},
title = {{Weak and electromagnetic interactions}},
volume = {11},
year = {1959}
}
@article{Peccei1977a,
author = {Peccei, R. D. and Quinn, Helen R.},
doi = {10.1103/PhysRevD.16.1791},
issn = {05562821},
journal = {Physical Review D},
number = {6},
title = {{Constraints imposed by CP conservation in the presence of pseudoparticles}},
volume = {16},
year = {1977}
}
@article{Bauer2017,
author = {Bauer, Martin and Neubert, Matthias and Thamm, Andrea},
doi = {10.1007/JHEP12(2017)044},
issn = {10298479},
journal = {Journal of High Energy Physics},
number = {12},
title = {{Collider probes of axion-like particles}},
volume = {2017},
year = {2017}
}
@article{Krasznahorkay:2019lyl,
archivePrefix = {arXiv},
arxivId = {nucl-ex/1910.10459},
author = {Krasznahorkay, A J and Others},
eprint = {1910.10459},
primaryClass = {nucl-ex},
title = {{New evidence supporting the existence of the hypothetic X17 particle}},
year = {2019}
}
@techreport{ATL-PHYS-PUB-2014-014,
address = {Geneva},
annote = {All figures including auxiliary figures are available at
https://atlas.web.cern.ch/Atlas/GROUPS/PHYSICS/PUBNOTES/ATL-PHYS-PUB-2014-014},
author = {{The ATLAS Collaboration}},
institution = {CERN},
title = {$b$-tagging in dense environments},
url = {https://cds.cern.ch/record/1750682},
year = {2014}
}
@techreport{Lenzi:1214931,
address = {Geneva},
author = {Lenzi, Bruno},
booktitle = {AIP Conference Proceedings},
doi = {10.1063/1.4771862},
institution = {CERN},
isbn = {9780735411227},
issn = {0094243X},
keywords = {ATLAS,Analysis tools,LHC},
pages = {987--990},
title = {{The physics analysis tools project for the ATLAS experiment}},
url = {https://cds.cern.ch/record/1214931},
volume = {1504},
year = {2012}
}
@inproceedings{Trad:2019liy,
address = {Geneva, Switzerland},
author = {Trad, G and Alexopoulos, A and Bravin, E and Butti, D and Kieffer, R and Roncarolo, F and Vlachos, S and Wurkner, B and Others},
booktitle = {9th LHC Operations Evian Workshop},
pages = {117--123},
title = {{LHC Emittance Measurements in Run 2}},
year = {2019}
}
@misc{CERN,
author = {Shiers, Jamie},
booktitle = {Computer Physics Communications},
doi = {10.1016/j.cpc.2007.02.021},
issn = {00104655},
keywords = {Distributed computing,Grid},
number = {1-2 SPEC. ISS.},
pages = {219--223},
title = {{The Worldwide LHC Computing Grid (worldwide LCG)}},
url = {https://home.cern/about/computing/worldwide-lhc-computing-grid},
volume = {177},
year = {2007}
}
@article{Dokshitzer1977,
author = {Dokshitzer, Yuri},
journal = {Zh. Eksp. Teor. Fiz},
title = {{Calculation of the Structure Functions for Deep Inelastic Scattering and $e^+ e^-$ Annihilation by Perturbation Theory in Quantum Chromodynamics.}},
volume = {73},
year = {1977}
}
